<record><leader>00000cas a22000007a 4500</leader><controlfield tag="001">11151080</controlfield><controlfield tag="008">840913d19141937nyucr ne      0   a0eng d</controlfield><datafield ind1=" " ind2=" " tag="010"><subfield code="a">sn 84031049 </subfield></datafield><datafield ind1=" " ind2=" " tag="040"><subfield code="a">NYG</subfield><subfield code="b">eng</subfield><subfield code="c">NYG</subfield><subfield code="d">NYS</subfield><subfield code="d">OCLCQ</subfield></datafield><datafield ind1=" " ind2=" " tag="042"><subfield code="a">msc</subfield></datafield><datafield ind1="0" ind2="0" tag="245"><subfield code="a">Endicott bulletin.</subfield></datafield><datafield ind1=" " ind2=" " tag="260"><subfield code="a">Endicott, N.Y. :</subfield><subfield code="b">Free Land Press</subfield></datafield><datafield ind1=" " ind2=" " tag="300"><subfield code="a">v.</subfield></datafield><datafield ind1=" " ind2=" " tag="310"><subfield code="a">Semiweekly,</subfield><subfield code="b">May 27, 1919 - Oct. 1, 1937</subfield></datafield><datafield ind1=" " ind2=" " tag="321"><subfield code="a">Weekly,</subfield><subfield code="b">&lt;Aug. 20, 1914&gt; - May 22, 1919</subfield></datafield><datafield ind1="1" ind2=" " tag="362"><subfield code="a">Began with: Aug 20, 1914?</subfield></datafield><datafield ind1="0" ind2=" " tag="362"><subfield code="a">-v. 42, no. 26 (Oct. 1, 1937).</subfield></datafield><datafield ind1=" " ind2=" " tag="500"><subfield code="a">Motto: "A semi weekly journal devoted to the best interests of Endicott and vicinity," &lt;1920&gt;.</subfield></datafield><datafield ind1=" " ind2=" " tag="500"><subfield code="a">Published every Tuesday and Friday, &lt;1920&gt;.</subfield></datafield><datafield ind1=" " ind2=" " tag="500"><subfield code="a">Publishers: The Free Land Press, &lt;1914&gt;; H.J. &amp; H.M. Freeland, &lt;1920&gt;.</subfield></datafield><datafield ind1=" " ind2=" " tag="588"><subfield code="a">Description based on: Vol. 1, no. 2 (Aug. 27, 1914).</subfield></datafield><datafield ind1=" " ind2="4" tag="651"><subfield code="a">Endicott (N.Y.)</subfield><subfield code="v">Newspapers.</subfield></datafield><datafield ind1=" " ind2=" " tag="752"><subfield code="a">United States</subfield><subfield code="b">New York</subfield><subfield code="c">Broome</subfield><subfield code="d">Endicott.</subfield></datafield><datafield ind1="0" ind2="0" tag="785"><subfield code="t">Endicott daily bulletin</subfield><subfield code="w">(DLC)sn 90066577</subfield><subfield code="w">(OCoLC)22730647</subfield></datafield><datafield ind1="1" ind2=" " tag="029"><subfield code="a">AU@</subfield><subfield code="b">000020601491</subfield></datafield></record>